<record><leader>00000cas a22000007a 4500</leader><controlfield tag="001">17613745</controlfield><controlfield tag="008">880311d18871888ohuwr ne      0    0eng d</controlfield><datafield ind1=" " ind2=" " tag="010"><subfield code="a">sn 88077300 </subfield></datafield><datafield ind1=" " ind2=" " tag="040"><subfield code="a">ONP</subfield><subfield code="b">eng</subfield><subfield code="c">ONP</subfield><subfield code="d">OCL</subfield><subfield code="d">OCLCQ</subfield></datafield><datafield ind1=" " ind2=" " tag="042"><subfield code="a">msc</subfield></datafield><datafield ind1="0" ind2=" " tag="130"><subfield code="a">Nonpareil (Feesburg, Ohio)</subfield></datafield><datafield ind1="1" ind2="0" tag="245"><subfield code="a">Nonpareil.</subfield></datafield><datafield ind1=" " ind2=" " tag="260"><subfield code="a">Feesburg, O. [Ohio] :</subfield><subfield code="b">Olin W. Kennedy</subfield></datafield><datafield ind1=" " ind2=" " tag="310"><subfield code="a">Weekly</subfield></datafield><datafield ind1="1" ind2=" " tag="362"><subfield code="a">Began in 1887; ceased in 1888?</subfield></datafield><datafield ind1=" " ind2=" " tag="588"><subfield code="a">Description based on: Vol. 1, no. 12 (Dec. 29, 1887).</subfield></datafield><datafield ind1=" " ind2=" " tag="752"><subfield code="a">United States</subfield><subfield code="b">Ohio</subfield><subfield code="c">Brown</subfield><subfield code="d">Feesburg.</subfield></datafield></record>